@inproceedings{DBLP:conf/stoc/AjtaiKS01,
  author    = {Mikl{\'{o}}s Ajtai and
               Ravi Kumar and
               D. Sivakumar},
  title     = {A sieve algorithm for the shortest lattice vector problem},
  booktitle = {Proceedings on 33rd Annual {ACM} Symposium on Theory of Computing,
               July 6-8, 2001, Heraklion, Crete, Greece},
  pages     = {601--610},
  year      = {2001},
  crossref  = {DBLP:conf/stoc/2001},
  url       = {https://doi.org/10.1145/380752.380857},
  doi       = {10.1145/380752.380857},
  timestamp = {Mon, 26 Nov 2018 15:05:57 +0100},
  biburl    = {https://dblp.org/rec/conf/stoc/AjtaiKS01.bib},
  bibsource = {dblp computer science bibliography, https://dblp.org}
}
@proceedings{DBLP:conf/stoc/2001,
  editor    = {Jeffrey Scott Vitter and
               Paul G. Spirakis and
               Mihalis Yannakakis},
  title     = {Proceedings on 33rd Annual {ACM} Symposium on Theory of Computing,
               July 6-8, 2001, Heraklion, Crete, Greece},
  publisher = {{ACM}},
  year      = {2001},
  isbn      = {1-58113-349-9},
  timestamp = {Thu, 16 Feb 2012 12:04:51 +0100},
  biburl    = {https://dblp.org/rec/conf/stoc/2001.bib},
  bibsource = {dblp computer science bibliography, https://dblp.org}
}

@article{siegel2019cancer,
  title={Cancer statistics, 2019},
  author={Siegel, Rebecca L and Miller, Kimberly D and Jemal, Ahmedin},
  journal={CA: a cancer journal for clinicians},
  volume={69},
  number={1},
  pages={7--34},
  year={2019},
  publisher={Wiley Online Library}
}

@article{simpson2019large,
  title={A large annotated medical image dataset for the development and evaluation of segmentation algorithms},
  author={Simpson, Amber L and Antonelli, Michela and Bakas, Spyridon and Bilello, Michel and Farahani, Keyvan and Van Ginneken, Bram and Kopp-Schneider, Annette and Landman, Bennett A and Litjens, Geert and Menze, Bjoern and others},
  journal={arXiv preprint arXiv:1902.09063},
  year={2019}
}

@article{pan2009survey,
  title={A survey on transfer learning},
  author={Pan, Sinno Jialin and Yang, Qiang},
  journal={IEEE Transactions on knowledge and data engineering},
  volume={22},
  number={10},
  pages={1345--1359},
  year={2009},
  publisher={IEEE}
}

@article{li2017learning,
  title={Learning without forgetting},
  author={Li, Zhizhong and Hoiem, Derek},
  journal={IEEE transactions on pattern analysis and machine intelligence},
  volume={40},
  number={12},
  pages={2935--2947},
  year={2017},
  publisher={IEEE}
}

@article{chi2017thyroid,
  title={Thyroid nodule classification in ultrasound images by fine-tuning deep convolutional neural network},
  author={Chi, Jianning and Walia, Ekta and Babyn, Paul and Wang, Jimmy and Groot, Gary and Eramian, Mark},
  journal={Journal of digital imaging},
  volume={30},
  number={4},
  pages={477--486},
  year={2017},
  publisher={Springer}
}

@article{tajbakhsh2016convolutional,
  title={Convolutional neural networks for medical image analysis: Full training or fine tuning?},
  author={Tajbakhsh, Nima and Shin, Jae Y and Gurudu, Suryakanth R and Hurst, R Todd and Kendall, Christopher B and Gotway, Michael B and Liang, Jianming},
  journal={IEEE transactions on medical imaging},
  volume={35},
  number={5},
  pages={1299--1312},
  year={2016},
  publisher={IEEE}
}

@inproceedings{zhou2017fine,
  title={Fine-tuning convolutional neural networks for biomedical image analysis: actively and incrementally},
  author={Zhou, Zongwei and Shin, Jae and Zhang, Lei and Gurudu, Suryakanth and Gotway, Michael and Liang, Jianming},
  booktitle={Proceedings of the IEEE conference on computer vision and pattern recognition},
  pages={7340--7351},
  year={2017}
}

@article{litjens2017survey,
  title={A survey on deep learning in medical image analysis},
  author={Litjens, Geert and Kooi, Thijs and Bejnordi, Babak Ehteshami and Setio, Arnaud Arindra Adiyoso and Ciompi, Francesco and Ghafoorian, Mohsen and Van Der Laak, Jeroen Awm and Van Ginneken, Bram and S{\'a}nchez, Clara I},
  journal={Medical image analysis},
  volume={42},
  pages={60--88},
  year={2017},
  publisher={Elsevier}
}


@INPROCEEDINGS{Roth2015-mi,
  title      = "Deep convolutional networks for pancreas segmentation in {CT}
                imaging",
  booktitle  = "Medical Imaging 2015: Image Processing",
  author     = "Roth, Holger R and Farag, Amal and Lu, Le and Turkbey, Evrim B
                and Summers, Ronald M",
  publisher  = "International Society for Optics and Photonics",
  volume     =  9413,
  pages      = "94131G",
  month      =  mar,
  year       =  2015,
  keywords   = "deep learning; convolutional neural networks; computed
                tomography; segmentation; pancreas; abdomen; computer-aided
                detection; superpixel;",
  conference = "Medical Imaging 2015: Image Processing"
}
